@article{zhao2019pyod,
  author  = {Zhao, Yue and Nasrullah, Zain and Li, Zheng},
  title   = {PyOD: A Python Toolbox for Scalable Outlier Detection},
  journal = {Journal of Machine Learning Research},
  year    = {2019},
  volume  = {20},
  number  = {96},
  pages   = {1-7},
  url     = {http://jmlr.org/papers/v20/19-011.html}
}

@article{zhao2020automating,
  author  = {Zhao, Yue and Ryan Rossi and Leman Akoglu},
  title   = {Automating Outlier Detection via Meta-Learning},
  journal = {arXiv preprint arXiv:2009.10606},
  year    = {2020},
}

@article{ODin60s,
    author = { Frank E.   Grubbs },
    title = {Procedures for Detecting Outlying Observations in Samples},
    journal = {Technometrics},
    volume = {11},
    number = {1},
    pages = {1-21},
    year  = {1969},
    publisher = {Taylor & Francis},
    doi = {10.1080/00401706.1969.10490657},
    URL = { 
        https://www.tandfonline.com/doi/abs/10.1080/00401706.1969.10490657
    }
}

@book{wangnew2021,
  title={New Developments in Unsupervised Outlier Detection: Algorithms and Applications},
  author={Wang, Xiaochun and Wang, Xiali and Wilkes, Mitch},
  publisher={    Springer Singapore},
  doi = {https://doi.org/10.1007/978-981-15-9519-6},
  year = {2021}
}

@book{mehrotra2017anomaly,
  title={Anomaly detection principles and algorithms},
  author={Mehrotra, Kishan G and Mohan, Chilukuri K and Huang, HuaMing},
  year={2017},
  publisher={Springer}
}


@book{suri2019outlier,
  title={Outlier Detection: Techniques and Applications},
  author={Ranga Suri, N N RANGA and Murty, M Narasimha and Athithan, G},
  year={2019},
  publisher={Springer}
}

@misc{bulusu2020anomalous,
      title={Anomalous Instance Detection in Deep Learning: A Survey}, 
      author={Saikiran Bulusu and Bhavya Kailkhura and Bo Li and Pramod K. Varshney and Dawn Song},
      year={2020},
      eprint={2003.06979},
      archivePrefix={arXiv},
      primaryClass={cs.LG}
}

@misc{ODDS ,
    author = “Shebuti Rayana”,
    year = “2016”,
    title = “{ODDS} Library”,
    url = “http://odds.cs.stonybrook.edu”,
    institution = “Stony Brook University, Department of Computer Sciences” 
}
